<?xml version="1.0" encoding="UTF-8"?>
<collection xmlns:xsi="http://www.w3.org/2001/XMLSchema-instance" xsi:schemaLocation="http://www.loc.gov/MARC21/slim http://www.loc.gov/standards/marcxml/schema/MARC21slim.xsd" xmlns="http://www.loc.gov/MARC21/slim">
<record>
  <leader>02526cam a2200433 a 4500</leader>
  <controlfield tag="001">963832</controlfield>
  <controlfield tag="003">NNC</controlfield>
  <controlfield tag="005">20140126210440.0</controlfield>
  <controlfield tag="008">910513r19671889iq       b    000 0 ara d</controlfield>
  <datafield tag="010" ind1=" " ind2=" ">
    <subfield code="a">   70961273 </subfield>
  </datafield>
  <datafield tag="035" ind1=" " ind2=" ">
    <subfield code="a">(OCoLC)507344122</subfield>
  </datafield>
  <datafield tag="035" ind1=" " ind2=" ">
    <subfield code="a">(OCoLC)ocn507344122</subfield>
  </datafield>
  <datafield tag="035" ind1=" " ind2=" ">
    <subfield code="a">(CStRLIN)NYCG91-B49749</subfield>
  </datafield>
  <datafield tag="035" ind1=" " ind2=" ">
    <subfield code="9">AFG3925CU</subfield>
  </datafield>
  <datafield tag="035" ind1=" " ind2=" ">
    <subfield code="a">(NNC)963832</subfield>
  </datafield>
  <datafield tag="040" ind1=" " ind2=" ">
    <subfield code="a">CU-SB</subfield>
    <subfield code="c">CU-SB</subfield>
    <subfield code="d">NN</subfield>
    <subfield code="d">CtY</subfield>
  </datafield>
  <datafield tag="041" ind1="1" ind2=" ">
    <subfield code="a">arafre</subfield>
    <subfield code="h">ara</subfield>
  </datafield>
  <datafield tag="066" ind1=" " ind2=" ">
    <subfield code="c">(3</subfield>
  </datafield>
  <datafield tag="100" ind1="0" ind2=" ">
    <subfield code="6">880-01</subfield>
    <subfield code="a">Avicenna,</subfield>
    <subfield code="d">980-1037.</subfield>
  </datafield>
  <datafield tag="240" ind1="1" ind2="0">
    <subfield code="6">880-02</subfield>
    <subfield code="a">Works.</subfield>
    <subfield code="k">Selections.</subfield>
    <subfield code="l">Arabic &amp; French</subfield>
  </datafield>
  <datafield tag="245" ind1="1" ind2="0">
    <subfield code="6">880-03</subfield>
    <subfield code="a">Rasāil al-shaykh al-raʻīs Abī ʻAlī al-Ḥusayn ibn ʻAbd Allāh ibn Sinā fī asrār al-ḥikmah al-mashriqīyah.</subfield>
  </datafield>
  <datafield tag="246" ind1="1" ind2="5">
    <subfield code="a">Traitʹes mystiques dÁboû Alî al-Hosain b. Abdallâh b. Sînâ ou dʾAvicennae</subfield>
  </datafield>
  <datafield tag="246" ind1="3" ind2=" ">
    <subfield code="a">Rasāil al-shaykh al-raʻīs Abī ʻAlī al-Ḥusayn ibn ʻAbd Allāh ibn Sinā fī asrār al-ḥikmah al-mushriqīyah</subfield>
  </datafield>
  <datafield tag="260" ind1=" " ind2=" ">
    <subfield code="6">880-04</subfield>
    <subfield code="a">Bahgdād :</subfield>
    <subfield code="b">Maktabat al-Muthanná,</subfield>
    <subfield code="c">1967.</subfield>
  </datafield>
  <datafield tag="300" ind1=" " ind2=" ">
    <subfield code="a">4 v. in 1 ;</subfield>
    <subfield code="c">35 cm.</subfield>
  </datafield>
  <datafield tag="500" ind1=" " ind2=" ">
    <subfield code="a">Texte arabe publié d'après les manuscrits du Brit. Muséum, de Leyde et de la Bibliothèque bodleyenne, avec l'explication en français, par M.A.F. Mehren.</subfield>
  </datafield>
  <datafield tag="504" ind1=" " ind2=" ">
    <subfield code="a">Includes bibliographical references.</subfield>
  </datafield>
  <datafield tag="505" ind1="1" ind2=" ">
    <subfield code="a">Juzʾ 1. Risālat Ḥayy ibn Yaqẓān -- Juzʾ 2. al-Anmāṭ al-thalāth al-akhīrah min al-Isharāt wa-al-Tanbīhāt min kitāb ... Naṣīr al-Dīn al-Ṭūsī, kitāb al-Ṭayr -- Juzʾ 3. Risālah fī al-ʻishq, risālah fī mahiyat al-ṣalwah, kitāb fī maʻná al-ziyārah wa-kayfīyat taʾthiruhā, wa-risālah fī dafʾ al-ghamm min al-mawt -- Juzʾ 4. Risālat al-qadar.</subfield>
  </datafield>
  <datafield tag="534" ind1=" " ind2=" ">
    <subfield code="p">Reprint. Originally published:</subfield>
    <subfield code="c">Leyde : E.J. Brill, 1889-1899.</subfield>
  </datafield>
  <datafield tag="650" ind1=" " ind2="0">
    <subfield code="a">Mysticism</subfield>
    <subfield code="x">Islam</subfield>
    <subfield code="v">Early works to 1800.</subfield>
  </datafield>
  <datafield tag="700" ind1="1" ind2=" ">
    <subfield code="a">Mehren, A. F.</subfield>
    <subfield code="q">(August Ferdinand),</subfield>
    <subfield code="d">1822-1907.</subfield>
  </datafield>
  <datafield tag="700" ind1="1" ind2=" ">
    <subfield code="6">880-05</subfield>
    <subfield code="a">Ṭūsī, Naṣīr al-Dīn Muḥammad ibn Muḥammad,</subfield>
    <subfield code="d">1201-1274.</subfield>
  </datafield>
  <datafield tag="880" ind1="0" ind2=" ">
    <subfield code="6">100-01/(3/r</subfield>
    <subfield code="a">ابن سينا,</subfield>
    <subfield code="d">980-1037.</subfield>
  </datafield>
  <datafield tag="880" ind1="1" ind2="0">
    <subfield code="6">240-02/(3/r</subfield>
    <subfield code="a">مختارات.</subfield>
    <subfield code="l">العربية والفرنسية</subfield>
  </datafield>
  <datafield tag="880" ind1="1" ind2="0">
    <subfield code="6">245-03/(3/r</subfield>
    <subfield code="a">رسائل الشيخ الرئيس أبي علي الحسين بن عبد الله بن سينا في أسرار الحكمة المشرقية.</subfield>
  </datafield>
  <datafield tag="880" ind1=" " ind2=" ">
    <subfield code="6">260-04/(3/r</subfield>
    <subfield code="a">بغداد :</subfield>
    <subfield code="b">مكتبة المثنى،</subfield>
    <subfield code="c">١٩٦٧.</subfield>
  </datafield>
  <datafield tag="880" ind1="1" ind2=" ">
    <subfield code="6">700-05/(3/r</subfield>
    <subfield code="a">طوسي، نصير الدين محمد بن محمد,</subfield>
    <subfield code="d">1201-1274.</subfield>
  </datafield>
  <datafield tag="955" ind1=" " ind2=" ">
    <subfield code="b">CU01244000</subfield>
    <subfield code="d">off,glx</subfield>
    <subfield code="e">B751.A35 M42</subfield>
    <subfield code="v">v.1-4</subfield>
  </datafield>
</record>
</collection>